

@article{Chan:21,
   author = {Adam Chan and Wei Jiang and Emily Blyth and Jean Yang and Ellis Patrick},
   doi = {10.1186/S13059-021-02526-5/FIGURES/4},
   issn = {1474760X},
   issue = {1},
   journal = {Genome Biology},
   month = {12},
   pages = {1-14},
   publisher = {BioMed Central Ltd},
   title = {treekoR: identifying cellular-to-phenotype associations by elucidating hierarchical relationships in high-dimensional cytometry data},
   volume = {22},
   year = {2021},
}


@article{Shen:16,
   author = {Shai S. Shen-Orr and David Furman and Brian A. Kidd and Francois Hadad and Patricia Lovelace and Ying Wen Huang and Yael Rosenberg-Hasson and Sally Mackey and Fatemeh A.Gomari Grisar and Yishai Pickman and Holden T. Maecker and Yueh hsiu Chien and Cornelia L. Dekker and Joseph C. Wu and Atul J. Butte and Mark M. Davis},
   doi = {10.1016/J.CELS.2016.09.009},
   issn = {2405-4712},
   issue = {4},
   journal = {Cell Systems},
   month = {10},
   pages = {374-384.e4},
   pmid = {27746093},
   publisher = {Cell Press},
   title = {Defective Signaling in the JAK-STAT Pathway Tracks with Chronic Inflammation and Cardiovascular Risk in Aging Humans},
   volume = {3},
   year = {2016},
}

